<record><leader>00000cas a22000007a 4500</leader><controlfield tag="001">11836859</controlfield><controlfield tag="008">850322d18911902wiudn ne      0    0eng d</controlfield><datafield ind1=" " ind2=" " tag="010"><subfield code="a">sn 85040360 </subfield></datafield><datafield ind1=" " ind2=" " tag="040"><subfield code="a">NPV</subfield><subfield code="b">eng</subfield><subfield code="c">NPV</subfield><subfield code="d">OCLCQ</subfield></datafield><datafield ind1=" " ind2=" " tag="042"><subfield code="a">msc</subfield></datafield><datafield ind1=" " ind2=" " tag="043"><subfield code="a">n-us-wi</subfield></datafield><datafield ind1=" " ind2=" " tag="045"><subfield code="a">w9x0</subfield></datafield><datafield ind1=" " ind2=" " tag="052"><subfield code="a">4123</subfield><subfield code="b">D7</subfield></datafield><datafield ind1="0" ind2="4" tag="245"><subfield code="a">The Superior leader.</subfield></datafield><datafield ind1="1" ind2="3" tag="246"><subfield code="a">Superior daily leader</subfield></datafield><datafield ind1="1" ind2="3" tag="246"><subfield code="a">Daily leader</subfield></datafield><datafield ind1=" " ind2=" " tag="260"><subfield code="a">Superior, Wis. :</subfield><subfield code="b">Leader Pub.,</subfield><subfield code="c">1891-1902.</subfield></datafield><datafield ind1=" " ind2=" " tag="300"><subfield code="a">11 v. :</subfield><subfield code="b">ill.</subfield></datafield><datafield ind1=" " ind2=" " tag="310"><subfield code="a">Daily (except Sun. and Mon.)</subfield></datafield><datafield ind1=" " ind2=" " tag="321"><subfield code="a">Daily (except Sun.),</subfield><subfield code="b">Aug. 28-Dec., 1899</subfield></datafield><datafield ind1=" " ind2=" " tag="321"><subfield code="a">Daily (except Sun. and Mon.),</subfield><subfield code="b">June 24, 1891-Aug. 26, 1899</subfield></datafield><datafield ind1="0" ind2=" " tag="362"><subfield code="a">Second year (June 24, 1891)-twelfth year (Jan. 24, 1902).</subfield></datafield><datafield ind1=" " ind2=" " tag="500"><subfield code="a">Title varies: Superior daily leader, July 9, 1891-Jan. 22, 1892; Daily leader, Jan. 23, 1892-May 4, 1892.</subfield></datafield><datafield ind1=" " ind2=" " tag="500"><subfield code="a">Publisher varies.</subfield></datafield><datafield ind1=" " ind2=" " tag="530"><subfield code="a">Available on microfilm from The State Historical Society of Wisconsin.</subfield></datafield><datafield ind1=" " ind2=" " tag="752"><subfield code="a">United States</subfield><subfield code="b">Wisconsin</subfield><subfield code="c">Douglas</subfield><subfield code="d">Superior.</subfield></datafield><datafield ind1="0" ind2=" " tag="775"><subfield code="t">Sunday leader (Superior, Wis.)</subfield><subfield code="w">(DLC)sn 85040363</subfield></datafield><datafield ind1="0" ind2="0" tag="780"><subfield code="t">Daily leader (Superior, Wis.)</subfield><subfield code="w">(DLC)sn 85040359</subfield></datafield><datafield ind1="0" ind2="0" tag="785"><subfield code="t">Superior morning leader (Superior, Wis.)</subfield><subfield code="w">(DLC)sn 85040361</subfield></datafield></record>